%% This BibTeX bibliography file was created using BibDesk.
%% http://bibdesk.sourceforge.net/


%% Created for Jérémie at 2011-09-13 15:24:45 +0200 


%% Saved with string encoding Unicode (UTF-8) 


@inproceedings{srm,
  title={A reduced-dimension fMRI shared response model},
  author={Chen, Po-Hsuan Cameron and Chen, Janice and Yeshurun, Yaara and Hasson, Uri and Haxby, James and Ramadge, Peter J},
  booktitle={Advances in Neural Information Processing Systems},
  pages={460--468},
  year={2015}
}
@inproceedings{srm_enabling,
  title={Enabling factor analysis on thousand-subject neuroimaging datasets},
  author={Anderson, Michael J and Capota, Mihai and Turek, Javier S and Zhu, Xia and Willke, Theodore L and Wang, Yida and Chen, Po-Hsuan and Manning, Jeremy R and Ramadge, Peter J and Norman, Kenneth A},
  booktitle={2016 IEEE International Conference on Big Data (Big Data)},
  pages={1151--1160},
  year={2016},
  organization={IEEE}
}
@inproceedings{htfa,
  title={Hierarchical topographic factor analysis},
  author={Manning, Jeremy R and Ranganath, Rajesh and Keung, Waitsang and Turk-Browne, Nicholas B and Cohen, Jonathan D and Norman, Kenneth A and Blei, David M},
  booktitle={2014 International Workshop on Pattern Recognition in Neuroimaging},
  pages={1--4},
  year={2014},
  organization={IEEE}
}
@inproceedings{infraslow,
  title={Infra-slow brain dynamics as a marker for cognitive function and decline},
  author={Ajmera, Shagun Ajmera Shyam Sunder and Rajagopal, Shreya and Rehman, Razi and Sridharan, Devarajan},
  booktitle={Advances in Neural Information Processing Systems},
  pages={6947--6958},
  year={2019}
}
@inproceedings{gpfa,
  title={Gaussian-process factor analysis for low-dimensional single-trial analysis of neural population activity},
  author={Byron, M Yu and Cunningham, John P and Santhanam, Gopal and Ryu, Stephen I and Shenoy, Krishna V and Sahani, Maneesh},
  booktitle={Advances in neural information processing systems},
  pages={1881--1888},
  year={2009}
}
@inproceedings{rsrm,
  title={Capturing shared and individual information in FMRI data},
  author={Turek, Javier S and Ellis, Cameron T and Skalaban, Lena J and Turk-Browne, Nicholas B and Willke, Theodore L},
  booktitle={2018 IEEE International Conference on Acoustics, Speech and Signal Processing (ICASSP)},
  pages={826--830},
  year={2018},
  organization={IEEE}
}
@inproceedings{dca,
  title={Unsupervised Discovery of Temporal Structure in Noisy Data with Dynamical Components Analysis},
  author={Clark, David and Livezey, Jesse and Bouchard, Kristofer},
  booktitle={Advances in Neural Information Processing Systems},
  pages={14267--14278},
  year={2019}
}
@inproceedings{lfgp,
  title={Modeling Dynamic Functional Connectivity with Latent Factor Gaussian Processes},
  author={Li, Lingge and Pluta, Dustin and Shahbaba, Babak and Fortin, Norbert and Ombao, Hernando and Baldi, Pierre},
  booktitle={Advances in Neural Information Processing Systems},
  pages={8261--8271},
  year={2019}
}
@article{ha,
  title={A common, high-dimensional model of the representational space in human ventral temporal cortex},
  author={Haxby, James V and Guntupalli, J Swaroop and Connolly, Andrew C and Halchenko, Yaroslav O and Conroy, Bryan R and Gobbini, M Ida and Hanke, Michael and Ramadge, Peter J},
  journal={Neuron},
  volume={72},
  number={2},
  pages={404--416},
  year={2011},
  publisher={Elsevier}
}
@article{spins,
  title={Separable and replicable neural strategies during social brain function in people with and without severe mental illness},
  author={Hawco, Colin and Buchanan, Robert W and Calarco, Navona and Mulsant, Benoit H and Viviano, Joseph D and Dickie, Erin W and Argyelan, Miklos and Gold, James M and Iacoboni, Marco and DeRosse, Pamela and others},
  journal={American Journal of Psychiatry},
  volume={176},
  number={7},
  pages={521--530},
  year={2019},
  publisher={Am Psychiatric Assoc}
}
@article{yeo,
  title={The organization of the human cerebral cortex estimated by intrinsic functional connectivity},
  author={Thomas Yeo, BT and Krienen, Fenna M and Sepulcre, Jorge and Sabuncu, Mert R and Lashkari, Danial and Hollinshead, Marisa and Roffman, Joshua L and Smoller, Jordan W and Z{\"o}llei, Lilla and Polimeni, Jonathan R and others},
  journal={Journal of neurophysiology},
  volume={106},
  number={3},
  pages={1125--1165},
  year={2011},
  publisher={American Physiological Society Bethesda, MD}
}

@article{kanai2011structural,
  title={The structural basis of inter-individual differences in human behaviour and cognition},
  author={Kanai, Ryota and Rees, Geraint},
  journal={Nature Reviews Neuroscience},
  volume={12},
  number={4},
  pages={231--242},
  year={2011},
  publisher={Nature Publishing Group}
}
@article{mueller2013individual,
  title={Individual variability in functional connectivity architecture of the human brain},
  author={Mueller, Sophia and Wang, Danhong and Fox, Michael D and Yeo, BT Thomas and Sepulcre, Jorge and Sabuncu, Mert R and Shafee, Rebecca and Lu, Jie and Liu, Hesheng},
  journal={Neuron},
  volume={77},
  number={3},
  pages={586--595},
  year={2013},
  publisher={Elsevier}
}
@article{adam,
  title={Adam: A method for stochastic optimization. ICLR (2015)},
  author={Kingma, Diederik P and Ba, Jimmy},
  journal={arXiv preprint arXiv:1412.6980},
  volume={9},
  year={2015}
}
@article{davison2016individual,
  title={Individual differences in dynamic functional brain connectivity across the human lifespan},
  author={Davison, Elizabeth N and Turner, Benjamin O and Schlesinger, Kimberly J and Miller, Michael B and Grafton, Scott T and Bassett, Danielle S and Carlson, Jean M},
  journal={PLoS computational biology},
  volume={12},
  number={11},
  year={2016},
  publisher={Public Library of Science}
}
@article{liu2016noise,
  title={Noise contributions to the fMRI signal: an overview},
  author={Liu, Thomas T},
  journal={NeuroImage},
  volume={143},
  pages={141--151},
  year={2016},
  publisher={Elsevier}
}
@article{schaefer2018local,
  title={Local-global parcellation of the human cerebral cortex from intrinsic functional connectivity MRI},
  author={Schaefer, Alexander and Kong, Ru and Gordon, Evan M and Laumann, Timothy O and Zuo, Xi-Nian and Holmes, Avram J and Eickhoff, Simon B and Yeo, BT Thomas},
  journal={Cerebral Cortex},
  volume={28},
  number={9},
  pages={3095--3114},
  year={2018},
  publisher={Oxford University Press}
}
@article{insel2014nimh,
  title={The NIMH research domain criteria (RDoC) project: precision medicine for psychiatry},
  author={Insel, Thomas R},
  journal={American Journal of Psychiatry},
  volume={171},
  number={4},
  pages={395--397},
  year={2014},
  publisher={Am Psychiatric Assoc}
}
@article{iacoboni2006mirror,
  title={The mirror neuron system and the consequences of its dysfunction},
  author={Iacoboni, Marco and Dapretto, Mirella},
  journal={Nature Reviews Neuroscience},
  volume={7},
  number={12},
  pages={942},
  year={2006},
  publisher={Nature Publishing Group}
}
@article{ppca,
  title={Probabilistic principal component analysis},
  author={Tipping, Michael E and Bishop, Christopher M},
  journal={Journal of the Royal Statistical Society: Series B (Statistical Methodology)},
  volume={61},
  number={3},
  pages={611--622},
  year={1999},
  publisher={Wiley Online Library}
}
@article{pcca,
  title={A probabilistic interpretation of canonical correlation analysis},
  author={Bach, Francis R and Jordan, Michael I},
  year={2005},
  publisher={Citeseer}
}
@article{olsen2013functional,
  title={The functional topography and temporal dynamics of overlapping and distinct brain activations for adaptive task control and stable task-set maintenance during performance of an fMRI-adapted clinical continuous performance test},
  author={Olsen, Alexander and Ferenc Brunner, Jan and Evensen, Kari Anne Indredavik and Garzon, Benjamin and Landr{\o}, Nils Inge and H{\aa}berg, Asta Kristine},
  journal={Journal of cognitive neuroscience},
  volume={25},
  number={6},
  pages={903--919},
  year={2013},
  publisher={MIT Press}
}
@article{ramos2017static,
  title={Static and dynamic measures of human brain connectivity predict complementary aspects of human cognitive performance},
  author={Ramos-Nu{\~n}ez, Aurora I and Fischer-Baum, Simon and Martin, Randi C and Yue, Qiuhai and Ye, Fengdan and Deem, Michael W},
  journal={Frontiers in human neuroscience},
  volume={11},
  pages={420},
  year={2017},
  publisher={Frontiers}
}
@article{weightedlikelihood,
  title={Weighted likelihood in Bayesian inference},
  author={Agostinelli, Claudio and Greco, Luca},
  booktitle={Proceedings of the 46th Scientific Meeting of the Italian Statistical Society},
  year={2012}
}

@inproceedings{lukic2002ica,
  title={A spatially robust ICA algorithm for multiple fMRI data sets},
  author={Lukic, Ana S and Wernick, Miles N and Hansen, Lars Kai and Anderson, Jon and Strother, Stephen C},
  booktitle={Proceedings IEEE International Symposium on Biomedical Imaging},
  pages={839--842},
  year={2002},
  organization={IEEE}
}

@article{sherlock,
  title={Shared memories reveal shared structure in neural activity across individuals},
  author={Chen, Janice and Leong, Yuan Chang and Honey, Christopher J and Yong, Chung H and Norman, Kenneth A and Hasson, Uri},
  journal={Nature neuroscience},
  volume={20},
  number={1},
  pages={115--125},
  year={2017},
  publisher={Nature Publishing Group}
}

@software{fmriprep,
  author       = {Esteban, Oscar and
                  Markiewicz, Christopher J. and
                  Goncalves, Mathias and
                  DuPre, Elizabeth and
                  Kent, James D. and
                  Ciric, Rastko and
                  Blair, Ross W. and
                  Poldrack, Russell A. and
                  Gorgolewski, Krzysztof J.},
  title        = {{fMRIPrep: a robust preprocessing pipeline for 
                   functional MRI}},
  month        = jun,
  year         = 2020,
  publisher    = {Zenodo},
  version      = {20.1.1},
  doi          = {10.5281/zenodo.3876458},
  url          = {https://doi.org/10.5281/zenodo.3876458}
}

@InProceedings{mnsrm,
  title = 	 {Matrix-normal models for fMRI analysis},
  author = 	 {Michael Shvartsman and Narayanan Sundaram and Mikio Aoi and Adam Charles and Theodore Willke and Jonathan Cohen},
  pages = 	 {1914--1923},
  year = 	 {2018},
  editor = 	 {Amos Storkey and Fernando Perez-Cruz},
  volume = 	 {84},
  series = 	 {Proceedings of Machine Learning Research},
  address = 	 {Playa Blanca, Lanzarote, Canary Islands},
  month = 	 {09--11 Apr},
  publisher =    {PMLR},
  pdf = 	 {http://proceedings.mlr.press/v84/shvartsman18a/shvartsman18a.pdf},
  url = 	 {http://proceedings.mlr.press/v84/shvartsman18a.html},
}
